%% report.bib - contains BiBtex input for bibliography

@online{proxmoxweb,
    title		="Proxmox Home Page",
    url			="https://www.proxmox.com/en/proxmox-ve",
    keywords	="proxmox"
}

@online{xenserverweb,
    title		="XenServer Home Page",
    url			="https://xenserver.org/overview-xenserver-open-source-virtualization/open-source-virtualization-features.html",
    keywords	="proxmox"
}

@online{hypervweb,
    title		="Hyper-V Home Page",
    url			="https://docs.microsoft.com/en-us/windows-server/virtualization/hyper-v/Hyper-V-Technology-Overview",
    keywords	="hyperv"
}

@online{vmwareweb,
    title		="VMware Home Page",
    url			="http://www.vmware.com/products/vsphere-hypervisor.html",
    keywords	="esxi"
}